<record><leader>00000cas a2200000 a 4500</leader><controlfield tag="001">34469645</controlfield><controlfield tag="008">960327d19801988fludr ne      0    0eng c</controlfield><datafield ind1=" " ind2=" " tag="010"><subfield code="a">sn 96027369 </subfield></datafield><datafield ind1=" " ind2=" " tag="040"><subfield code="a">FUG</subfield><subfield code="b">eng</subfield><subfield code="c">FUG</subfield><subfield code="d">OCLCQ</subfield><subfield code="d">OCLCF</subfield><subfield code="d">OCLCO</subfield></datafield><datafield ind1=" " ind2=" " tag="012"><subfield code="i">9603</subfield></datafield><datafield ind1="1" ind2=" " tag="029"><subfield code="a">AU@</subfield><subfield code="b">000025920222</subfield></datafield><datafield ind1=" " ind2=" " tag="042"><subfield code="a">pcc</subfield></datafield><datafield ind1=" " ind2=" " tag="043"><subfield code="a">n-us-fl</subfield></datafield><datafield ind1="0" ind2=" " tag="130"><subfield code="a">News chief (Winter Haven, Fla. : 1980)</subfield></datafield><datafield ind1="1" ind2="4" tag="245"><subfield code="a">The news chief.</subfield></datafield><datafield ind1=" " ind2=" " tag="260"><subfield code="a">Winter Haven, Fla. :</subfield><subfield code="b">Winter Haven Pub. Co.,</subfield><subfield code="c">1980-1988.</subfield></datafield><datafield ind1=" " ind2=" " tag="300"><subfield code="a">8 v.</subfield></datafield><datafield ind1=" " ind2=" " tag="310"><subfield code="a">Daily,</subfield><subfield code="b">-1988</subfield></datafield><datafield ind1=" " ind2=" " tag="321"><subfield code="a">Daily (except Saturday),</subfield><subfield code="b">1980-</subfield></datafield><datafield ind1="0" ind2=" " tag="362"><subfield code="a">Vol. 70, no. 26 (Nov. 3, 1980)-v. 78, no. 39 (Nov. 5, 1988).</subfield></datafield><datafield ind1=" " ind2=" " tag="515"><subfield code="a">Sunday issues carry separate numbering scheme.</subfield></datafield><datafield ind1=" " ind2="0" tag="651"><subfield code="a">Winter Haven (Fla.)</subfield><subfield code="v">Newspapers.</subfield></datafield><datafield ind1=" " ind2="0" tag="651"><subfield code="a">Polk County (Fla.)</subfield><subfield code="v">Newspapers.</subfield></datafield><datafield ind1=" " ind2="7" tag="655"><subfield code="a">Newspapers.</subfield><subfield code="2">fast</subfield><subfield code="0">(OCoLC)fst01423814</subfield></datafield><datafield ind1=" " ind2="7" tag="651"><subfield code="a">Florida</subfield><subfield code="z">Polk County.</subfield><subfield code="2">fast</subfield><subfield code="0">(OCoLC)fst01214944</subfield></datafield><datafield ind1=" " ind2="7" tag="651"><subfield code="a">Florida</subfield><subfield code="z">Winter Haven.</subfield><subfield code="2">fast</subfield><subfield code="0">(OCoLC)fst01215617</subfield></datafield><datafield ind1=" " ind2=" " tag="752"><subfield code="a">United States</subfield><subfield code="b">Florida</subfield><subfield code="c">Polk</subfield><subfield code="d">Winter Haven.</subfield></datafield><datafield ind1="0" ind2="0" tag="780"><subfield code="t">Winter Haven daily news-chief</subfield><subfield code="w">(DLC)sn 96027366</subfield><subfield code="w">(OCoLC)1746535</subfield></datafield><datafield ind1="0" ind2="0" tag="785"><subfield code="t">Winter Haven news chief</subfield><subfield code="w">(DLC)sn 96027370</subfield><subfield code="w">(OCoLC)34469646</subfield></datafield><datafield ind1=" " ind2=" " tag="850"><subfield code="a">FU</subfield></datafield></record>